<record><leader>00000cas a22000007a 4500</leader><controlfield tag="001">34425370</controlfield><controlfield tag="008">960321d19081912ohuwr n       0    0eng d</controlfield><datafield ind1=" " ind2=" " tag="010"><subfield code="a">sn 96087004 </subfield></datafield><datafield ind1=" " ind2=" " tag="040"><subfield code="a">ONP</subfield><subfield code="b">eng</subfield><subfield code="c">ONP</subfield><subfield code="d">OCLCQ</subfield></datafield><datafield ind1=" " ind2=" " tag="042"><subfield code="a">msc</subfield></datafield><datafield ind1="0" ind2=" " tag="130"><subfield code="a">Richwood gazette and the Marysville Republican (Marysville, Ohio : 1908)</subfield></datafield><datafield ind1="1" ind2="4" tag="245"><subfield code="a">The Richwood gazette and the Marysville Republican.</subfield></datafield><datafield ind1="1" ind2="3" tag="246"><subfield code="a">Marysville Republican</subfield></datafield><datafield ind1=" " ind2=" " tag="260"><subfield code="a">Marysville, Ohio :</subfield><subfield code="b">Worden Pub. Co.,</subfield><subfield code="c">1908-1912.</subfield></datafield><datafield ind1=" " ind2=" " tag="300"><subfield code="a">v.</subfield></datafield><datafield ind1=" " ind2=" " tag="310"><subfield code="a">Weekly</subfield></datafield><datafield ind1="0" ind2=" " tag="362"><subfield code="a">1st year, no. 4 (June 11, 1908)-5th year, no. 22 (Oct. 10, 1912).</subfield></datafield><datafield ind1=" " ind2=" " tag="500"><subfield code="a">Republican.</subfield></datafield><datafield ind1=" " ind2=" " tag="500"><subfield code="a">Issued on Friday.</subfield></datafield><datafield ind1=" " ind2=" " tag="580"><subfield code="a">Formed by the union of: Richwood gazette (Richwood, Ohio : 1872), and: Marysville Republican (Marysville, Ohio : 1908).</subfield></datafield><datafield ind1=" " ind2="4" tag="651"><subfield code="a">Marysville (Ohio)</subfield><subfield code="v">Newspapers.</subfield></datafield><datafield ind1=" " ind2="4" tag="651"><subfield code="a">Union County (Ohio)</subfield><subfield code="v">Newspapers.</subfield></datafield><datafield ind1=" " ind2=" " tag="752"><subfield code="a">United States</subfield><subfield code="b">Ohio</subfield><subfield code="c">Union</subfield><subfield code="d">Marysville.</subfield></datafield><datafield ind1="0" ind2="4" tag="780"><subfield code="t">Richwood gazette (Richwood, Ohio : 1872)</subfield><subfield code="w">(DLC)sn 85026236</subfield></datafield><datafield ind1="0" ind2="4" tag="780"><subfield code="t">Marysville Republican (Marysville, Ohio : 1908)</subfield><subfield code="w">(DLC)sn 96087006</subfield></datafield><datafield ind1="0" ind2="0" tag="785"><subfield code="t">Marysville Republican (Marysville, Ohio : 1912)</subfield><subfield code="w">(DLC)sn 96087003</subfield></datafield><datafield ind1="1" ind2=" " tag="029"><subfield code="a">AU@</subfield><subfield code="b">000025919607</subfield></datafield></record>